<?xml version="1.0" encoding="UTF-8"?><collection xmlns="http://www.loc.gov/MARC21/slim"><record><leader>00443nam--2200145-i-4500</leader><controlfield tag="001">000003084</controlfield><controlfield tag="002">20161230</controlfield><controlfield tag="005">20170225194051</controlfield><controlfield tag="008">060222s1000------------r-----000-0-eng-d</controlfield><datafield ind1=" " ind2=" " tag="100"><subfield code="a">Duperrier, S</subfield></datafield><datafield ind1=" " ind2=" " tag="245"><subfield code="a">Pratique du chauffage electronique. Chauffage par induction, ... par pertes dielectriques, generateurs electroniques</subfield></datafield><datafield ind1=" " ind2=" " tag="260"><subfield code="a">Paris</subfield><subfield code="b">Ed.Chiron</subfield><subfield code="c">[1952]</subfield></datafield><datafield ind1=" " ind2=" " tag="300"><subfield code="a">224 p.Cu Fig</subfield></datafield><datafield ind1=" " ind2=" " tag="852"><subfield code="a">621.380</subfield></datafield><datafield ind1=" " ind2=" " tag="CAT"><subfield code="a">SYS</subfield><subfield code="c">20170225</subfield><subfield code="h">194051</subfield></datafield></record></collection>